
@mastersthesis{Woods_2006,
		author = 		{S. Woods},
		title =			{Acoustic Inspection of Timber},
		school =		{University of Canterbury},
		year =			{2006}
}

@mastersthesis{Bonnett_2010,
		author =		{B. Bonnett},
		title =			{A multi-channel front-end for synthetic aperture sonar},
		school =		{University of Canterbury},
		year =			{2010}
}

@book{Arnau_2008,
		editor =		{Antonio Arnau},
		title =			{Piezoelectric Transducers and Applications},
		year =			{2008},
		publisher =		{Springer-Verlag},
		address =		{Berlin, Heidelberg}
}

@book{Malik_1995,
		author = 		{Norbert R. Malik},
		title =			{Electronic Circuits - Analysis, Simulation and Design},
		year =			{1995},
		publisher =		{Prentice-Hall},
		address =		{Englewood Cliffs, New Jersey, 07632}
}

@book{Kester_1999,
		author =		{Walt Kester},
		title =			{Practical Design Techniques for Sensor Signal Conditioning},
		year =			{1999},
		publisher =		{Analog Devices},
		address =		{One Technology Way, P.O. Box 9106, Norwood, MA 02062-9106, U.S.A}
}

@book{Horowitz_1989,
		author =		{Paul Horowitz and Winfield Hill},
		title =			{The Art of Electronics},
		year =			{1989},
		publisher =		{Cambridge University Press},
		edition =		{Second},
		address =		{The Edinburgh Building, Cambridge CB2 2RU, United Kingdom}
}

@article{Sachse_1977,
		author =		{Wolfgang Sachse and Tih Hsing Pao},
		title =			{On the determination of phase and group velocities of dispersive waves in solids},
		year =			{1978},
		journal =		{Journal of Applied Physics},
		volume =		{49},
		number =		{8},
		pages =			{4320--4327}
}

@book{Witham_1974,
		author =		{Gerald B. Whitham},
		title =			{Linear and Nonlinear Waves},
		year =			{1974},
		publisher =		{John Wiley and Sons},
		edition =		{First}
}

@book{Oppenheim_1989,
		author =		{Alan V. Oppenheim and Ronals W. Schafer},
		title =			{Discrete-Time Signal Processing},
		year =			{1989},
		publisher =		{Prentice-Hall},
		edition =		{First},
		address =		{Englewood Cliffs, New Jersey 07632}
}

@book{Smith_1997,
		author =		{Steven W. Smith},
		title =			{The Scientist and Engineer's Guide to Digital Signal Processing},
		publisher =		{California Technical Publishing},
		address =		{P.O. Box 502407, San Diego, CA 92150-2407},
		edition =		{First},
		year =			{1997}
}

@book{Ambardar_1999,
		author =		{Ashok Ambardar},
		title =			{Analog and Digital Signal Processing},
		publisher =		{Brooks/Cole Publishing Company},
		address =		{511 Forest Lodge Road, Pacific Grove, CA 93950},
		edition =		{Second},
		year =			{1999}
}

@book{Feynman_1963,
		author =		{Richard P. Feynman},
		title =			{The Feynman Lectures on Physics},
		publisher =		{Basic Books},
		address =		{387 Park Avenue South, New York, NY 10016-8810},
		edition =		{New Millennium},
		year =			{1963}
}

@book{Hayt_2002,
		author =		{William H. Hayt, Jr and Jack E. Kemmerly and Steven M. Durbin},
		title =			{Engineering Circuit Analysis},
		publisher =		{McGraw-Hill Higher Education},
		address =		{1221 Avenue of the Americas, New York, NY 10020},
		edition =		{Sixth},
		year =			{2002}
}

@book{Olson_1957,
		author =		{Harry F. Olson},
		title =			{Acoustical Engineering},
		publisher =		{D. Van Nostrand Company, Inc},
		address =		{120 Alexander St, Princeton, New Jersey},
		year =			{1957}
}

@misc{website:uncyclomedia-hammer,
		author = "Machovka",
		title = "Hammer clip-art",
		month = "February",
		year = "2014",
		url = "http://openclipart.org/people/Machovka/Machovka_Hammer_4.svg"
}

@misc{website:wikimedia-scope,
		author = "Jjbeard",
		title = "Oscilloscope clip-art",
		month = "February",
		year = "2014",
		url = "http://en.wikipedia.org/wiki/File:Oscilloscope.svg"
}

@book{Ogata_1998,
		author =		{Katsuhiko Ogata},
		title =			{System Dynamics},
		publisher =		{Prentice Hall},
		address =		{Upper Saddle River, New Jersey},
		year =			{1998}
}

@article{Oestreicher_1951,
		author =		{Hans L. Oestreicher},
		title =			{Field and Impedance of an Oscillating Sphere in a Viscoelastic Medium with an Application to Biophysics},
		year =			{1951},
		journal =		{The Journal of the Acoustical Society of America},
		volume =		{23},
		number =		{6},
		pages =			{707--714}
}

@book{Zener_1948,
		author =		{C. Zener},
		title =			{Elasticity and Anelasticity of Metals},
		publisher =		{University of Chicago Press},
		address =		{Chicago},
		year =			{1948}
}

@article{Attenborough_1970,
		author =		{K. Attenborough},
		title =			{The Influence of Microstructure on Propagation in Porous Fibrous Absorbents},
		year =			{1970},
		journal =		{The Journal of Sound and Vibration},
		volume =		{16},
		number =		{3},
		pages =			{419--442}
}

@book{Bucur_2006,
		author =		{V. Bucur},
		title =			{Acoustics of Wood},
		publisher =		{Springer-Verlag},
		address =		{Berlin, Heidelberg},
		year =			{2006}
}

@article{Barnett_2004,
		author =		{J. R. Barnett and V. A. Bonham},
		title =			{Cellulose microfibril angle in the cell wall of wood fibres},
		year =			{2004},
		journal =		{},
		volume =		{16},
		number =		{3},
		pages =			{419--442}
}

@article{Beall_2002,
		author =		{F. C. Beall},
		title =			{Overview of the use of ultrasonic technologies in research on wood properties},
		year =			{2002},
		journal =		{Wood Science and Technology},
		volume =		{36},
		number =		{3},
		pages =			{197--212}
}

@article{Stuart_1995,
		author =		{S. A. Stuart and R. Evans},
		title =			{X-Ray-Diffraction estimation of the microfibril angle variation in eucalypt wood},
		year =			{1995},
		journal =		{Appita Journal},
		volume =		{48},
		pages =			{197--200}
}

@article{Schwanninger_2011,
		author =		{M. Schwanninger and J. C. Rodrigues and K Fackler},
		title =			{A review of band assignments in near infrared spectra of wood and wood components},
		year =			{2011},
		journal =		{Journal of Near Infrared Spectroscopy},
		volume =		{19},
		number =		{5},
		pages =			{287--308}
}

@article{So_2004,
		author =		{C. L. So and B. K Via and L. H. Groom and L.R. Schimleck and T.F. Shupe and S.S. Kelley and T.G. Rials},
		title =			{Near infrared spectroscopy in the forest products industry},
		year =			{2004},
		journal =		{Journal of Forestry Products},
		volume =		{54},
		number =		{3},
		pages =			{6--16}
}

@article{Apiolaza_2009,
		author =		{L. A. Apiolaza},
		title =			{Very early selection for solid wood quality: screening for early winners},
		year =			{2009},
		journal =		{Annals of Forest Science},
		volume =		{66},
		number =		{6},
		pages =			{601}
}


@article{Huang_2003,
		author =		{C. L Huang and H. Lindstr\"{o}m and R. Nakada and J Ralston},
		title =			{Cell wall structure and wood properties determined by acoustics – a selective review},
		year =			{2003},
		journal =		{Holz als Roh- und Werkstoff},
		volume =		{61},
		number =		{5},
		pages =			{321--335}
}

@techreport{FOA_2012,
		author =		{{Forestry Owners Association}},
		title =			{{New Zealand} Forestry Science and Innovation Plan},
		address =		{Wellington},
		year =			{2012}
}

@techreport{FOA2013,
		author =		{Forestry Owners Association},
		title =			{{New Zealand Plantation Forest Industry - Facts and Figures}},
		address =		{Level 9, 93 The Terrace. PO Box 10986, Wellington 6143},
		year =			{2013}
}

@article{Apiolaza_2013,
		author =		{Luis Apiolaza and Shakti Chauhan and Michael Hayes and Ryogo Nakada and Monika Sharma and John Walker},
		title =			{Selection and breeding for wood quality, a new approach},
		year =			{2013},
		journal =		{NZ Journal of Forestry},
		volume =		{58},
		number =		{1},
		pages =			{32--37}
}

@proceedings{Woodtech_2013,
    title     = "Workshop on commercial application of IR spectroscopies to solid wood",
    editor   = "Philip J. Harris and Clemens M. Altaner",
    organization    = "Wood technology research center",
    year      = "2013"
}

@article{Wessels_2011,
		author = 		{C. Wessels and F. Malan and T Rypstra},
		title = 		{A review of measurement methods used on standing trees for the prediction of some mechanical properties of timber.},
		year = 			{2011},
		journal = 		{European Journal of Forestry Research},
		volume = 		{130},
		number = 		{6},
		pages = 		{881--893}
}

@article{ODonnell_1980,
		author = 		{M. O'Donnell and E. T. Jaynes and J. G. Miller},
		title = 		{{Kramers-Kronig} relationship between ultrasonic attenuation and velocity},
		year = 			{1980},
		journal = 		{Journal of the Acoustical Society of America},
		volume = 		{69},
		number = 		{3},
		pages = 		{696--701}
}

@book{Walker_2006,
		editor =		{John C. F. Walker},
		title =			{Primary Wood Processing},
		year =			{2006},
		publisher =		{Springer-Verlag},
		edition =		{Second},
		address =		{P.O Box 17, 3300 AA Dordrecht, The Netherlands}
}

@incollection{Chauhan5_2006,
	author	= "Shakti Chauhan and Robert Donnelly and Chih-Lin Huang and Ryogo Nakada and Yin Yafang and John Walker",
	title	= "Wood Quality: In Context",
	booktitle= "Primary Wood Processing",
	publisher= "Springer-Verlag",
	editor	= "John C. F. Walker",
	chapter= "5",
	pages	= "121--158",
	address= "P.O Box 17, 3300 AA Dordrecht, The Netherlands",
	edition= "Second",
	year	= "2006",
}

@incollection{Chauhan6_2006,
	author	= "Shakti Chauhan and Robert Donnelly and Chih-Lin Huang and Ryogo Nakada and Yin Yafang and John Walker",
	title	= "Wood Quality: Multifaceted Opportunities",
	booktitle= "Primary Wood Processing",
	publisher= "Springer-Verlag",
	editor	= "John C. F. Walker",
	chapter= "6",
	pages	= "159--202",
	address= "P.O Box 17, 3300 AA Dordrecht, The Netherlands",
	edition= "Second",
	year	= "2006",
}

@incollection{Butterfield_2006,
	author	= "Brian Butterfield",
	title	= "The Structure of Wood : Form and Function",
	booktitle= "Primary Wood Processing",
	publisher= "Springer-Verlag",
	editor	= "John C. F. Walker",
	chapter= "1",
	pages	= "1--22",
	address= "P.O Box 17, 3300 AA Dordrecht, The Netherlands",
	edition= "Second",
	year	= "2006",
}

@incollection{Kretschmann2006,
	author	= "David Kretschmann and Roland Hernandez",
	title	= "Grading Timber and Glued Structural Members",
	booktitle= "Primary Wood Processing",
	publisher= "Springer-Verlag",
	editor	= "John C. F. Walker",
	chapter= "1",
	pages	= "1--22",
	address= "P.O Box 17, 3300 AA Dordrecht, The Netherlands",
	edition= "Second",
	year	= "2006",
}

@article{Cave_1968,
		author = 		{I. D. Cave},
		title = 		{The anisotropic elasticity of the plant cell wall},
		year = 			{1968},
		journal = 		{Wood science and technology},
		volume = 		{2},
		number = 		{4},
		pages = 		{268--278}
}

@book{Mason_1948,
		author =		{Warren P. Mason},
		title =			{Electromechanical Transducers and Wave Filters},
		year =			{1948},
		publisher =		{D. Van Nostrand Company, Inc},
		edition =		{Second},
		address =		{250 Fourth Avenue, New York, 3}
}

@book{mason1956physical,
	title={Physical acoustics and the properties of solids},
	author={Warren P. Mason},
	year={1958},
	publisher={D. Van Nostrand Company, Inc},
	address={120 Alexander St. Princeton, New Jersey}
}

@book{Kinsler_2000,
  title={Fundamentals of Acoustics},
  author={Lawrence E. Kinsler and Austin R. Frey and Alan B. Coppens and James V. Sanders},
  publisher={John Wiley and Sons, Inc},
  edition={Fourth},
  address={605 Third Avenue, New York, NY 10158-0012},
  year={2000},
}

@article{Zhang_2001,
	author = 		{X. Zhang and T. J. Royston and H. A. Mansy and R. H. Sandler},
	title = 		{Radiation impedance of a finite circular piston on a viscoelastic half-space with application to medical diagnosis},
	year = 			{2001},
	journal =		{The Journal of the Acoustical Society of America},
	volume = 		{109},
	number = 		{2},
	pages = 		{795--802}
}

@techreport{MPI_2012,
	author =		{Ministry of Primary Industries},
	title =			{{New Zealand} plantation forest industry facts and figures},
	address =		{P. O. Box 2528, Wellington 6140},
	year =			{2012}
}

@article{Haines_1996,
	author={ Daniel W. Haines and Jean-Michel Leban and Christian Herbé},
	title ={Determination of Young's modulus for spruce, fir and isotropic materials by the resonance flexure method with comparisons to static flexure and other dynamic methods},
	year={1996},
	journal={Wood science and technology},
	volume={30},
	number={4},
	pages={253--263}
}

@book{Thomson_1883,
	author={William Thomson and Peter Guthrie Tait},
	title={Treatise on Natural Philosophy},
	year={1883},
	publisher={Cambridge University Press},
	address={University Printing House, Shaftesbury Road, Cambridge, CB2 8BS, United Kingdom}
}

@incollection{Kretschmann_2010,
	author	= "David E. Kretschmann",
	title	= "Mechanical Properties of Wood",
	booktitle= "Wood Handbook, Wood as an Engineering Material",
	publisher= "U.S. Department of Agriculture",
	chapter= "5",
	year	= "2010",
}

@incollection{Glass_2010,
	author	= "Samuel V. Glass and Samuel L. Zelinka",
	title	= "Moisture Relations and Physical Properties of Wood",
	booktitle= "Wood Handbook, Wood as an Engineering Material",
	publisher= "U.S. Department of Agriculture",
	chapter= "4",
	year	= "2010",
}

@article{Schinker_2003,
		author = 		{M. G. Schinker and N. Hansen and H Spiecker},
		title = 		{High-frequency densitometry: A new method for the rapid evaluation of wood density variations},
		year = 			{2003},
		journal = 		{IAWA Journal - International Association of Wood Anatomists},
		volume =		{24},
		number =		{6},
		pages =			{231--239}
}

@article{Hayes_2012,
		author = 		{M. P. Hayes and N. Pink},
		title = 		{Treetwist: a spiral grain scanner for increment cores},
		year = 			{2012},
		journal = 		{EnzCon},
		pages =			{85--90}
}

@book{Buchanan_2007,
    author    = "Andrew Buchanan",
    title     = "Timber Design Guide",
    publisher = "New Zealand Timber Industry Federation Inc",
    address  = "P.O. Box 308, Wellington, 6140, New Zealand",
    edition  = "Third",
    year      = "2007"
}

@book{Clifton_1994,
    author    = "Norman C. Clifton",
    title     = "New Zealand Timbers, The complete guide to exotic and indigenous woods",
    publisher = "GP Publications",
    address  = "10 Mulgrave Street, Thorndon, Wellington",
    edition  = "Revised",
    year      = "1994"
}

@article{Polge_1978,
    author    = "H. Polge",
    title     = "Fifteen Years of Wood Radiation Densitometry",
    journal   = "Wood Science Technology",
    volume   = "12",
    number   = "3",
    pages    = "187--196",
    year      = "1978"
}

@article{vazquez2015determination,
  title={Determination of the mechanical properties of Castanea sativa Mill. using ultrasonic wave propagation and comparison with static compression and bending methods},
  author={V{\'a}zquez, C and Gon{\c{c}}alves, R and Bertoldo, C and Ba{\~n}o, V and Vega, A and Crespo, J and Guaita, M},
  journal={Wood Science and Technology},
  volume={49},
  number={3},
  pages={607--622},
  year={2015},
  publisher={Springer}
}

@techreport{Harrison_2014,
    author    = "Thomas Harrison and Daniel Lower and Thomas Potter",
    title     = "Android Based Tree Stiffness Measurement System: Wireless Treetap",
    institution = "University of Canterbury",
    year      = "2014"
}
@techreport{Allan_1997,
    author    = "David W. Allan and Neil Ashby and Clifford C. Hodge",
    title     = "The Science of Timekeeping",
    institution = "Hewlett Packard Corporation",
    year      = "1997",
    note     = "Application Note 1289"
}

@manual{ADH_2010,
	title		= "GP-2106 Datasheet",
	organization	= "ADH Technology Co. Ltd",
	year		= "2010",
	month		= "12",
	note		= "Revision 0.2"
}

@book{Horowitz_2015,
		author =		{Paul Horowitz and Winfield Hill},
		title =			{The Art of Electronics},
		year =			{2015},
		publisher =		{Cambridge University Press},
		edition =		{Third},
		address =		{32 Avenue of the Americas, New York, NY 10013-2473, USA}
}

@article{Butcher_2015,
  title={A new impetus for radiata pine breeding - identifying the opportunities},
  author={John A. Butcher},
  journal={New Zealand Journal of Forestry},
  volume={60},
  number={1},
  pages={3--7},
  year={2015}
}

@article{Walker_2007,
  title={Clausewitz on Forestry},
  author={John Walker},
  journal={New Zealand Journal of Forestry},
  volume={51},
  number={4},
  pages={34--37},
  year={2007}
}

@article{Yang_2001,
  title={Evaluating Strength Properties of Pinus Radiata from Ultrasonic Measurements on Increment Cores},
  author={Jun-Li Yang and Yves Fortin},
  journal={Holzforschung},
  volume={55},
  number={6},
  pages={606--610},
  year={2001}
}

@article{Hill_1964_A,
  title={Theory of mechanical properties of fibre-strengthened materials: I. Elastic behaviour},
  author={R. Hill},
  journal={Journal of Mechanics and Physics of Solids},
  volume={12},
  pages={199--212},
  year={1964}
}

@article{Hill_1964_B,
  title={Theory of mechanical properties of fibre-strengthened materials: II. Inelastic behaviour},
  author={R. Hill},
  journal={Journal of Mechanics and Physics of Solids},
  volume={12},
  pages={213--218},
  year={1964}
}

@article{Hill_1964_C,
  title={Theory of mechanical properties of fibre-strengthened materials: III. Self-consistent model},
  author={R. Hill},
  journal={Journal of Mechanics and Physics of Solids},
  volume={13},
  pages={189--198},
  year={1964}
}

@article{burgert2007tensile,
  title={Tensile and compressive stresses in tracheids are induced by swelling based on geometrical constraints of the wood cell},
  author={Burgert, Ingo and Eder, Michaela and Gierlinger, Notburga and Fratzl, Peter},
  journal={Planta},
  volume={226},
  number={4},
  pages={981--987},
  year={2007},
  publisher={Springer}
}

@article{cave1969longitudinal,
  title={The longitudinal Young's modulus of Pinus radiata},
  author={I. D. Cave},
  journal={Wood science and technology},
  volume={3},
  number={1},
  pages={40--48},
  year={1969},
  publisher={Springer}
}

@article{xu2004models,
	title={Models of microfibril elastic modulus parallel to the cell axis},
	author={Xu, Ping and Liu, Huawu},
	journal={Wood science and technology},
	volume={38},
	number={5},
	pages={363--374},
	year={2004},
	publisher={Springer}
}

@PhDthesis{bjorklund2003,
    author = "Bj{\"{o}}rklund, Svante",
    title = "A Survey and Comparison of Time-Delay Estimation Methods in Linear Systems",
    school = "Department of Electrical Engineering, Link{\"{o}}ping University",
    year = "2003",
    month = "December",
    address = "SE-581 83 Linköping, Sweden",
    type = "Licentiate Thesis no. 1061",
}

@phdthesis{Ping_2000,
    author = "Xu Ping",
    title = "The mechanical properties and stability of radiata pine structural timber",
    school = "School of Forestry, University of Canterbury",
    year = "2000"
}

@article{sandoz1993moisture,
  title={Moisture content and temperature effect on ultrasound timber grading},
  author={Sandoz, JL},
  journal={Wood Science and Technology},
  volume={27},
  number={5},
  pages={373--380},
  year={1993},
  publisher={Springer}
}

@phdthesis{harrington2002hierarchical,
  title={Hierarchical modelling of softwood hygro-elastic properties},
  author={Harrington, Jonathan J},
  year={2002},
  school={University of Canterbury. Mechanical Engineering}
}

@article{kester2005taking,
  title={Taking the Mystery out of the Infamous Formula „SNR= 6.02 N+ 1.76 dB “and Why You Should Care},
  author={Kester, Walt},
  journal={Analog Devices, MT-001},
  year={2005}
}

@article{wang2007acoustic,
  title={Acoustic Evaluation of Wood Quality in Standing Trees. Part I. Acoustic Wave Behavior},
  author={Xiping Wang and Robert J. Ross and Peter Carter},
  journal={Wood and Fiber Science},
  volume={39},
  number={1},
  pages={28--38},
  year={2007},
  publisher={The Society of Wood Science and Technology}
}

@article{mora2009relationships,
author = {C.R. Mora and L.R. Schimleck and F. Isik and J.M. Mahon, Jr and A. Clark, III and R.F. Daniels},
title = {Relationships between acoustic variables and different measures of stiffness in standing Pinus taeda trees},
journal = {Canadian Journal of Forest Research},
volume = {39},
number = {8},
pages = {1421-1429},
year = {2009},

}
@article{biot1956theory,
   author = "Biot, M. A.",
   title = "Theory of Propagation of Elastic Waves in a Fluid‐Saturated Porous Solid. I. Low‐Frequency Range",
   journal = "The Journal of the Acoustical Society of America",
   year = "1956",
   volume = "28",
   number = "2", 
   pages = "168-178",
   url = "http://scitation.aip.org/content/asa/journal/jasa/28/2/10.1121/1.1908239",
   doi = "http://dx.doi.org/10.1121/1.1908239" 
}

@article{Holz2001,
year={2001},
issn={0018-3768},
journal={Holz als Roh- und Werkstoff},
volume={59},
number={3},
doi={10.1007/s001070100198},
title={Relationship among the dynamic and static elastic properties of air-dry Eucalyptus delegatensis R. Baker},
url={http://dx.doi.org/10.1007/s001070100198},
publisher={Springer-Verlag},
author={Ilic, Jugo},
pages={169-175},
language={English}
}

@article{Grabianowski2006,
year={2006},
journal={Wood Science and Technology},
volume={40},
number={3},
title={Acoustic measurements on standing trees, logs and green lumber},
publisher={Springer-Verlag},
author={Grabianowski, M. and Manley, B. and Walker, J.C.F.},
pages={205-216},
language={English}
}

@article{askeland2003science,
  title={The science and engineering of materials},
  author={Askeland, Donald R and Phul{\'e}, Pradeep Prabhakar},
  year={2003},
  publisher={Springer}
}

@article{reiterer1999experimental,
  title={Experimental evidence for a mechanical function of the cellulose microfibril angle in wood cell walls},
  author={Reiterer, A and Lichtenegger, H and Tschegg, S and Fratzl, P},
  journal={Philosophical Magazine A},
  volume={79},
  number={9},
  pages={2173--2184},
  year={1999},
  publisher={Taylor \& Francis}
}

@article{cave1997theory,
	year={1997},
	journal={Wood Science and Technology},
	volume={31},
	number={4},
	title={Theory of X-ray measurement of microfibril angle in wood},
	publisher={Springer-Verlag},
	author={I. D. Cave},
	pages={225-234},
}

@inproceedings{kumar2013time,
  title={Time synchronization in wireless sensor networks: estimating packet delay},
  author={Kumar, Shiu and Lee, Yeonwoo and Lee, Seong Ro},
  booktitle={The 1st international conference on convergence, and it’s application},
  volume={24},
  pages={68--71},
  year={2013}
}

@article{yaitskova2014Time,
   author = "Yaitskova, Natalia and van de Kuilen, Jan Willem",
   title = "Time-of-flight modeling of transversal ultrasonic scan of wood",
   journal = "The Journal of the Acoustical Society of America",
   year = "2014",
   volume = "135",
   number = "6", 
   pages = "3409-3415",
}

@phdthesis{searles2012,
	author		= "Gregory John Searles",
	title		= "Acoustic segregation and structural 
		timber production",
	school		= "Edinburgh Napier University",
	address	= "Edinburgh, Scotland",
	year		= "2012"
}

@techreport{woollons2007,
    author    = "Richard Woollons and Brian Rawley and Bruce Manley",
    title     = "Modelling the acoustic velocity of pinus radiata in new zealand plantations",
    institution = "Wood Quality Initiative (WQI)",
    number   = "Int 8",
    year      = "2007",
    month    = "January",
}

@article{carter2007sorting,
  title={Sorting logs and lumber for stiffness using Director HM200},
  author={Carter, Peter and Chauhan, Shakti and Walker, John},
  journal={Wood and Fiber Science},
  volume={38},
  number={1},
  pages={49--54},
  year={2007}
}

